<record><leader>00000cas a22000007a 4500</leader><controlfield tag="001">19493257</controlfield><controlfield tag="008">890404d19581980gauwr ne      0    0eng d</controlfield><datafield ind1=" " ind2=" " tag="010"><subfield code="a">sn 89053132 </subfield></datafield><datafield ind1=" " ind2=" " tag="040"><subfield code="a">NLG</subfield><subfield code="b">eng</subfield><subfield code="c">NLG</subfield><subfield code="d">GUA</subfield><subfield code="d">OCLCQ</subfield><subfield code="d">OCLCF</subfield><subfield code="d">OCLCO</subfield></datafield><datafield ind1="1" ind2=" " tag="029"><subfield code="a">AU@</subfield><subfield code="b">000020538850</subfield></datafield><datafield ind1=" " ind2=" " tag="042"><subfield code="a">msc</subfield></datafield><datafield ind1=" " ind2=" " tag="043"><subfield code="a">n-us-ga</subfield></datafield><datafield ind1="0" ind2=" " tag="130"><subfield code="a">Times-free press (Carrollton, Ga. : 1958)</subfield></datafield><datafield ind1="1" ind2="0" tag="245"><subfield code="a">Times-free press.</subfield></datafield><datafield ind1=" " ind2=" " tag="260"><subfield code="a">Carrollton, Ga. :</subfield><subfield code="b">Stanley Parkman,</subfield><subfield code="c">[1958-1980]</subfield></datafield><datafield ind1=" " ind2=" " tag="300"><subfield code="a">v.</subfield></datafield><datafield ind1=" " ind2=" " tag="310"><subfield code="a">Weekly</subfield></datafield><datafield ind1="0" ind2=" " tag="362"><subfield code="a">Vol. 87, no. 33 (Jan. 7, 1958)-v. 109, no. 2 (Nov. 11, 1980).</subfield></datafield><datafield ind1=" " ind2=" " tag="500"><subfield code="a">Published under slightly varying titles on some holidays as combined edition with Carroll County Georgian.</subfield></datafield><datafield ind1=" " ind2=" " tag="530"><subfield code="a">Also on microfilm: Athens, Ga. : University of Georgia Libraries.</subfield></datafield><datafield ind1=" " ind2=" " tag="580"><subfield code="a">Merged with: Carroll County Georgian, to form: Daily times-Georgian.</subfield></datafield><datafield ind1=" " ind2="0" tag="651"><subfield code="a">Carroll County (Ga.)</subfield><subfield code="v">Newspapers.</subfield></datafield><datafield ind1=" " ind2="7" tag="655"><subfield code="a">Newspapers.</subfield><subfield code="2">fast</subfield><subfield code="0">(OCoLC)fst01423814</subfield></datafield><datafield ind1=" " ind2="7" tag="651"><subfield code="a">Georgia</subfield><subfield code="z">Carroll County.</subfield><subfield code="2">fast</subfield><subfield code="0">(OCoLC)fst01211775</subfield></datafield><datafield ind1=" " ind2=" " tag="752"><subfield code="a">United States</subfield><subfield code="b">Georgia</subfield><subfield code="c">Carroll</subfield><subfield code="d">Carrollton.</subfield></datafield><datafield ind1="0" ind2="0" tag="780"><subfield code="t">Carrollton times-free press</subfield><subfield code="w">(DLC)sn 89053131</subfield><subfield code="w">(OCoLC)19493076</subfield></datafield><datafield ind1="1" ind2="7" tag="785"><subfield code="t">Carroll County Georgian</subfield><subfield code="w">(DLC)sn 89053133</subfield><subfield code="w">(OCoLC)19493010</subfield></datafield><datafield ind1="1" ind2="7" tag="785"><subfield code="t">Daily times-Georgian</subfield><subfield code="w">(DLC)sn 89005693</subfield><subfield code="w">(OCoLC)11506855</subfield></datafield></record>